@article{battiti,
 author = {Battiti, Roberto and Colla, Anna Maria},
 title = {Democracy in Neural Nets: Voting Schemes for Classification},
 journal = {Neural Netw.},
 issue_date = {1994},
 volume = {7},
 number = {4},
 month = apr,
 year = {1994},
 issn = {0893-6080},
 pages = {691--707},
 numpages = {17},
 url = {http://dx.doi.org/10.1016/0893-6080(94)90046-9},
 doi = {10.1016/0893-6080(94)90046-9},
 acmid = {187553},
 publisher = {Elsevier Science Ltd.},
 address = {Oxford, UK, UK},
 keywords = {Bayesian classification, accuracy-rejection trade-off, modular neural networks, multilayer perceptron, optical character recognition},
} 


@article{Burges,
 author = {Burges, Christopher J. C.},
 title = {A Tutorial on Support Vector Machines for Pattern Recognition},
 journal = {Data Min. Knowl. Discov.},
 issue_date = {June 1998},
 volume = {2},
 number = {2},
 month = jun,
 year = {1998},
 issn = {1384-5810},
 pages = {121--167},
 numpages = {47},
 url = {http://dx.doi.org/10.1023/A:1009715923555},
 doi = {10.1023/A:1009715923555},
 acmid = {593463},
 publisher = {Kluwer Academic Publishers},
 address = {Hingham, MA, USA},
 keywords = {VC dimension, pattern recognition, statistical learning theory, support vector machines},
}

@article{diversity,
year={2003},
issn={0885-6125},
journal={Machine Learning},
volume={51},
number={2},
doi={10.1023/A:1022859003006},
title={Measures of Diversity in Classifier Ensembles and Their Relationship with the Ensemble Accuracy},
url={http://dx.doi.org/10.1023/A%3A1022859003006},
publisher={Kluwer Academic Publishers},
keywords={pattern recognition; multiple classifiers ensemble/committee of learners; dependency and diversity; majority vote},
author={Kuncheva, LudmilaI. and Whitaker, ChristopherJ.},
pages={181-207},
language={English}
}